<record xmlns="http://www.loc.gov/MARC21/slim" xmlns:xsi="http://www.w3.org/2001/XMLSchema-instance" xsi:schemaLocation="http://www.loc.gov/MARC21/slim http://www.loc.gov/standards/marcxml/schema/MARC21slim.xsd"><leader>     nam a22        4500</leader><controlfield tag="001">1649493</controlfield><controlfield tag="003">NIC</controlfield><controlfield tag="006">m        d        </controlfield><controlfield tag="007">cr cn |||m|||a</controlfield><controlfield tag="008">150323m19481949ua      ob    001 0 arar </controlfield><datafield ind1=" " ind2=" " tag="020"><subfield code="z">9777337930 (v. 2)</subfield></datafield><datafield ind1=" " ind2=" " tag="020"><subfield code="z">9789777337939 (v. 2)</subfield></datafield><datafield ind1=" " ind2=" " tag="040"><subfield code="a">NNU</subfield><subfield code="b">eng</subfield><subfield code="e">rda</subfield><subfield code="c">NNU</subfield></datafield><datafield ind1="0" ind2="0" tag="050"><subfield code="a">PJ6070</subfield><subfield code="b">.T48 1980</subfield></datafield><datafield ind1="1" ind2=" " tag="100"><subfield code="6">880-01</subfield><subfield code="a">Tha&#699;lab, Ah&#803;mad ibn Yah&#803;ya&#769;,</subfield><subfield code="d">815-904.</subfield></datafield><datafield ind1="1" ind2="0" tag="245"><subfield code="6">880-02</subfield><subfield code="a">Maja&#772;lis Tha&#699;lab /</subfield><subfield code="c">li-Abi&#772; al-&#699;Abba&#772;s Ah&#803;mad ibn Yah&#803;ya&#769; Tha&#699;lab ; sharh&#803; wa-tah&#803;qi&#772;q &#699;Abd al-Sala&#772;m Muh&#803;ammad Ha&#772;ru&#772;n.</subfield></datafield><datafield ind1=" " ind2=" " tag="250"><subfield code="a">al-T&#803;ab&#699;ah 4.</subfield></datafield><datafield ind1=" " ind2=" " tag="260"><subfield code="6">880-03</subfield><subfield code="a">al-Qa&#772;hirah :</subfield><subfield code="b">Da&#772;r al-Ma&#699;a&#772;rif,</subfield><subfield code="c">[1948-1949]</subfield></datafield><datafield ind1=" " ind2=" " tag="300"><subfield code="a">online resource (volumes &lt;2&gt;)</subfield></datafield><datafield ind1=" " ind2=" " tag="336"><subfield code="a">text</subfield><subfield code="2">rdacontent</subfield></datafield><datafield ind1=" " ind2=" " tag="337"><subfield code="a">computer</subfield><subfield code="2">rdamedia</subfield></datafield><datafield ind1=" " ind2=" " tag="338"><subfield code="a">online resource</subfield><subfield code="2">rdacarrier</subfield></datafield><datafield ind1="1" ind2=" " tag="490"><subfield code="6">880-04</subfield><subfield code="a">Dhakha&#772;&#700;ir al-&#699;Arab ;</subfield><subfield code="v">1</subfield></datafield><datafield ind1=" " ind2=" " tag="500"><subfield code="a">Part of the Arabic Collections Online (ACO) project, contributed by Cornell University Libraries.</subfield></datafield><datafield ind1=" " ind2=" " tag="504"><subfield code="a">Includes bibliographical references (v. 2, pages 716-729).</subfield></datafield><datafield ind1=" " ind2=" " tag="500"><subfield code="a">Includes indexes.</subfield></datafield><datafield ind1=" " ind2=" " tag="533"><subfield code="a">Electronic reproduction.</subfield><subfield code="b">New York, N.Y. :</subfield><subfield code="c">New York University,</subfield><subfield code="d">2015.</subfield><subfield code="5">NNU</subfield></datafield><datafield ind1=" " ind2="0" tag="650"><subfield code="a">Arabic philology</subfield><subfield code="v">Early works to 1800.</subfield></datafield><datafield ind1=" " ind2="7" tag="650"><subfield code="a">Arabic philology.</subfield><subfield code="2">fast</subfield><subfield code="0">(OCoLC)fst00812526</subfield></datafield><datafield ind1=" " ind2="7" tag="655"><subfield code="a">Early works.</subfield><subfield code="2">fast</subfield><subfield code="0">(OCoLC)fst01411636</subfield></datafield><datafield ind1="1" ind2=" " tag="700"><subfield code="6">880-05</subfield><subfield code="a">Ha&#772;ru&#772;n, &#699;Abd al-Sala&#772;m Muh&#803;ammad.</subfield></datafield><datafield ind1="2" ind2=" " tag="710"><subfield code="a">Cornell University.</subfield><subfield code="b">Libraries.</subfield></datafield><datafield ind1="0" ind2=" " tag="730"><subfield code="a">Arabic Collections Online.</subfield></datafield><datafield ind1="0" ind2="8" tag="776"><subfield code="i">Online version:</subfield><subfield code="a">Tha&#699;lab, Ah&#803;mad ibn Yah&#803;ya&#769;, 815-904.</subfield><subfield code="t">Maja&#772;lis Tha&#699;lab.</subfield><subfield code="b">al-T&#803;ab&#699;ah 4.</subfield><subfield code="d">al-Qa&#772;hirah, J.M.&#699;A : Da&#772;r al-Ma&#699;a&#772;rif, -1980</subfield><subfield code="w">(OCoLC)565442581</subfield></datafield><datafield ind1="0" ind2="8" tag="776"><subfield code="i">Print version:</subfield><subfield code="a">Tha&#699;lab, Ah&#803;mad ibn Yah&#803;ya&#769;, 815-904.</subfield><subfield code="t">Maja&#772;lis Tha&#699;lab</subfield><subfield code="w">(NIC)1649493</subfield><subfield code="w">(DLC)   84233738 </subfield><subfield code="w">(OCoLC)11813609</subfield><subfield code="z">9777337930 (v. 2)</subfield><subfield code="z">9789777337939 (v. 2)</subfield></datafield><datafield ind1=" " ind2="0" tag="830"><subfield code="6">880-06</subfield><subfield code="a">Dhakha&#772;&#700;ir al-&#699;Arab ;</subfield><subfield code="v">1.</subfield></datafield><datafield ind1="4" ind2="0" tag="856"><subfield code="u">http://hdl.handle.net/2333.1/j0zpcbk8</subfield></datafield><datafield ind1="1" ind2=" " tag="880"><subfield code="6">100-01/r</subfield><subfield code="a">&#1579;&#1593;&#1604;&#1576;&#1548; &#1575;&#1581;&#1605;&#1583; &#1576;&#1606; &#1610;&#1581;&#1610;&#1609;&#1548;</subfield><subfield code="d">815-904.</subfield></datafield><datafield ind1="1" ind2="0" tag="880"><subfield code="6">245-02/r</subfield><subfield code="a">&#1605;&#1580;&#1575;&#1604;&#1587; &#1579;&#1593;&#1604;&#1576; /</subfield><subfield code="c">&#1604;&#1571;&#1576;&#1610; &#1575;&#1604;&#1593;&#1576;&#1575;&#1587; &#1576;&#1606; &#1610;&#1581;&#1610;&#1609; &#1579;&#1593;&#1604;&#1576; &#1563;&#1588;&#1585;&#1581; &#1608;&#1578;&#1581;&#1602;&#1610;&#1581; &#1593;&#1576;&#1583; &#1575;&#1604;&#1587;&#1604;&#1575;&#1605; &#1605;&#1581;&#1605;&#1583; &#1607;&#1575;&#1585;&#1608;&#1606;.</subfield></datafield><datafield ind1=" " ind2=" " tag="880"><subfield code="6">260-03/r</subfield><subfield code="a">[&#1575;&#1604;&#1602;&#1575;&#1607;&#1585;&#1577;] :</subfield><subfield code="b">&#1583;&#1575;&#1585; &#1575;&#1604;&#1605;&#1593;&#1575;&#1585;&#1601; &#1576;&#1605;&#1589;&#1585;&#1548;</subfield><subfield code="c">[&#1633;&#1641;&#1636;&#1640;-&#1633;&#1641;&#1636;&#1641;]</subfield></datafield><datafield ind1="1" ind2=" " tag="880"><subfield code="6">490-04/r</subfield><subfield code="a">&#1584;&#1582;&#1575;&#1574;&#1585; &#1575;&#1604;&#1593;&#1585;&#1576; &#1563;</subfield><subfield code="v">&#1633;</subfield></datafield><datafield ind1="1" ind2=" " tag="880"><subfield code="6">700-05/r</subfield><subfield code="a">&#1607;&#1575;&#1585;&#1608;&#1606;&#1548; &#1593;&#1576;&#1583; &#1575;&#1604;&#1587;&#1604;&#1575;&#1605; &#1605;&#1581;&#1605;&#1583;.</subfield></datafield><datafield ind1=" " ind2="0" tag="880"><subfield code="6">830-06/r</subfield><subfield code="a">&#1584;&#1582;&#1575;&#1574;&#1585; &#1575;&#1604;&#1593;&#1585;&#1576; &#1563; ;</subfield><subfield code="v">&#1633;.</subfield></datafield><datafield ind1=" " ind2=" " tag="959"><subfield code="a">NNU</subfield><subfield code="b">WEB</subfield><subfield code="c">GENI</subfield><subfield code="t">0</subfield><subfield code="m">Electronic access</subfield><subfield code="s">01</subfield></datafield><datafield ind1=" " ind2=" " tag="999"><subfield code="i">NIC_1649493</subfield><subfield code="o">(OCoLC)ocm11813609</subfield><subfield code="s">cornell_aco000006:qism2</subfield><subfield code="e">(ERROR-880)</subfield><subfield code="s">cornell_aco000006:qism2</subfield></datafield></record>